<record xmlns="http://www.loc.gov/MARC21/slim" xmlns:xsi="http://www.w3.org/2001/XMLSchema-instance" xsi:schemaLocation="http://www.loc.gov/MARC21/slim http://www.loc.gov/standards/marcxml/schema/MARC21slim.xsd"><leader>01363nam a2200289   4500</leader><controlfield tag="001">001937037</controlfield><controlfield tag="003">NNU</controlfield><controlfield tag="006">m        d        </controlfield><controlfield tag="007">cr cn |||m|||a</controlfield><controlfield tag="008">150116m19861988ir      ob    000 0 ara d</controlfield><datafield ind1=" " ind2=" " tag="040"><subfield code="a">NNU</subfield><subfield code="b">eng</subfield><subfield code="c">NNU</subfield></datafield><datafield ind1="1" ind2=" " tag="100"><subfield code="a">Mi&#7779;b&#257;&#7717; Yazd&#299;, Mu&#7717;ammad Taq&#299;.</subfield></datafield><datafield ind1="1" ind2="0" tag="240"><subfield code="a">&#256;m&#363;zish-i falsafah.</subfield><subfield code="l">Arabic</subfield></datafield><datafield ind1="1" ind2="3" tag="245"><subfield code="a">al-Manhaj al-jad&#299;d f&#299; ta&#699;l&#299;m al-falsafah</subfield><subfield code="h">[electronic resource] /</subfield><subfield code="c">ta&#700;l&#299;f Mu&#7717;ammad Taq&#299; Mi&#7779;b&#257;&#7717; al-Yazd&#299; ; tarjamat Mu&#7717;ammad &#699;Abd al-Mun&#699;im al-Kh&#257;q&#257;n&#299;.</subfield></datafield><datafield ind1=" " ind2=" " tag="260"><subfield code="a">Qum :</subfield><subfield code="b">Mu&#700;assasat al-Nashr al-Isl&#257;m&#299; al-&#7788;&#257;bi&#699;ah li-Jam&#257;&#699;at al-Mudarris&#299;n,</subfield><subfield code="c">1407-1409 [1986-1988 or 89]</subfield></datafield><datafield ind1=" " ind2=" " tag="300"><subfield code="a">online resource (2 v.)</subfield></datafield><datafield ind1=" " ind2=" " tag="500"><subfield code="a">"415."</subfield></datafield><datafield ind1=" " ind2=" " tag="500"><subfield code="a">Part of the Arabic Collections Online (ACO) project, contributed by New York Univeristy Libraries.</subfield></datafield><datafield ind1=" " ind2=" " tag="504"><subfield code="a">Includes bibliographical references.</subfield></datafield><datafield ind1=" " ind2=" " tag="533"><subfield code="a">Electronic reproduction.</subfield><subfield code="b">New York, N.Y. :</subfield><subfield code="c">New York University,</subfield><subfield code="d">2015.</subfield><subfield code="5">NNU</subfield></datafield><datafield ind1=" " ind2="0" tag="650"><subfield code="a">Islamic philosophy.</subfield></datafield><datafield ind1="2" ind2=" " tag="710"><subfield code="a">New York University.</subfield><subfield code="b">Libraries.</subfield></datafield><datafield ind1="0" ind2=" " tag="730"><subfield code="a">Arabic Collections Online.</subfield></datafield><datafield ind1="0" ind2="8" tag="776"><subfield code="i">Print version:</subfield><subfield code="a">Mi&#7779;b&#257;&#7717; Yazd&#299;, Mu&#7717;ammad Taq&#299;.</subfield><subfield code="t">al-Manhaj al-jad&#299;d f&#299; ta&#699;l&#299;m al-falsafah</subfield><subfield code="w">(NNU)001937037</subfield></datafield><datafield ind1="4" ind2="0" tag="856"><subfield code="u">http://hdl.handle.net/2333.1/b8gthwg0</subfield></datafield><datafield ind1=" " ind2=" " tag="959"><subfield code="a">NNU</subfield><subfield code="b">WEB</subfield><subfield code="c">GENI</subfield><subfield code="t">0</subfield><subfield code="m">Electronic access</subfield><subfield code="s">01</subfield></datafield><datafield ind1=" " ind2=" " tag="999"><subfield code="i">NNU_001937037</subfield><subfield code="o" /><subfield code="e">(ERROR-880)</subfield></datafield></record>